@article{Wikipedia_Rutherford,
  title={Rutherford scattering experiments},
  url={https://en.wikipedia.org/wiki/Rutherford_scattering_experiments},
  urldate={2024-01-18}
}

@book{Melissinos1968,
  author={Adrian C. Melissinos},
  title={Experiments in modern physics},
  publisher={Academic Press},
  year={1968}
}

@book{Symon1960,
  author={Keith Symon},
  title={Mechanics},
  edition={2nd},
  publisher={Addison-Wesley},
  year={1960}
}

@misc{BrianDL_laboratorio,
  author={BrianDL},
  title={laboratorio\_avanzado},
  url={https://github.com/BrianDL/laboratorio_avanzado},
  urldate={2024-01-18}
}
