% Add your bibliography entries here