@book{serway,
  title={Physics for Scientists and Engineers with Modern Physics},
  author={Serway, Raymond A. and Jewett, John W.},
  year={2018},
  edition={10},
  publisher={Cengage Learning},
  address={Boston, MA},
  isbn={978-1-337-55329-2}
}