@book{melissinos1966,
  title={Experiments in modern physics},
  author={Melissinos, Adrian C.},
  year={1966},
  publisher={Academic Press}
}