@book{serway2018,
  author = {Raymond A. Serway and John W. Jewett},
  title = {Physics for Scientists and Engineers},
  edition = {9th},
  publisher = {Cengage Learning},
  year = {2018},
}

@misc{leiva2025,
  author = {Brian Leiva},
  title = {Laboratorio Avanzado},
  note = {GitHub repository},
  url = {https://github.com/BrianDL/laboratorio_avanzado},
  year = {2025},
}