@misc{BrianDL_laboratorio,
  author = {Brian Leiva},
  title = {{laboratorio\_avanzado}},
  howpublished = "\url{https://github.com/BrianDL/laboratorio_avanzado}",
  urldate = {2025-04-01},
  note = "[Online; accessed 2025-05-26]"
}

@misc{CarpetaDatos,
  author = {ECFM},
  title = {Carpeta de Datos},
  howpublished = "\url{https://drive.google.com/drive/folders/1zqR1GrAz1NYlj7s4c2ADRRNs0NXW0iAT}"
}

@misc{WikipediaCherenkov,
  author = {Wikipedia Contributors},
  title = {Cherenkov Radiation},
  howpublished = "\url{https://en.wikipedia.org/wiki/Cherenkov_radiation}",
  urldate = {2024-10-27},
  note = "[Online; accessed 2025-05-27]"
}

@misc{WikipediaMuon,
  author = {Wikipedia Contributors},
  title = {Muon},
  howpublished = "\url{https://en.wikipedia.org/wiki/Muon}",
  urldate = {2024-10-27},
  note = "[Online; accessed 2025-05-27]"
}

@book{Martin2010,
  author = {Brian R. Martin},
  title = {Nuclear and Particle Physics, an Introduction},
  publisher = {Wiley},
  year = {2010}
}