
@misc{BrianDL_laboratorio,
  author = {Brian Leiva},
  title = {{laboratorio\_avanzado}},
  howpublished = "\url{https://github.com/BrianDL/laboratorio_avanzado}",
  urldate = {2025-04-01},
  note = "[Online; accessed 2025-04-01]"
}