@book{serway,
  title={Physics for Scientists and Engineers},
  author={Serway, Raymond A. and Jewett, John W.},
  year={2018},
  edition={10},
  publisher={Cengage Learning},
  address={Boston, MA}
}

@book{hecht,
  title={Optics},
  author={Hecht, Eugene},
  year={2017},
  edition={5},
  publisher={Pearson},
  address={New York, NY},
  isbn={9780133977226}
}